@inproceedings{Stam:2009:NTA,
  author    = {Jos Stam},
  title     = {Nucleus: Towards a unified dynamics solver for computer graphics},
  booktitle = {International Conference on Computer-Aided Design and Computer
               Graphics},
  year      = {2009},
  pages     = {1--11},
}

@inproceedings{provot:1995:DCI,
  author    = {Xavier Provot},
  title     = {Deformation constraints in a mass-spring model to describe rigid cloth behavior},
  booktitle = {Graphics Interface},
  year      = {1995},
  pages = {147--154},
}

@article{Bridson:2002:RTO,
 author = {Bridson, Robert and Fedkiw, Ronald and Anderson, John},
 title = {Robust treatment of collisions, contact and friction for cloth animation},
 journal = {ACM Trans. Graph.},
 volume = {21},
 number = {3},
 @month = {July},
 year = {2002},
 issn = {0730-0301},
 pages = {594--603},
 numpages = {10},
 url = {http://doi.acm.org/10.1145/566654.566623},
 doi = {http://doi.acm.org/10.1145/566654.566623},
 acmid = {566623},
 publisher = {ACM},
 address = {New York, NY, USA},
 keywords = {cloth, collision detection, collision response, contacts, kinetic friction, physically based animation, static friction},
}  
  
@article{Mueller:2007:PBD,
 author = {M\"{u}ller, Matthias and Heidelberger, Bruno and Hennix, Marcus and Ratcliff, John},
 title = {Position based dynamics},
 journal = {J. Vis. Comun. Image Represent.},
 volume = {18},
 number = {2},
 @month = {April},
 year = {2007},
 issn = {1047-3203},
 pages = {109--118},
 numpages = {10},
 url = {http://portal.acm.org/citation.cfm?id=1234415.1234575},
 doi = {10.1016/j.jvcir.2007.01.005},
 acmid = {1234575},
 publisher = {Academic Press, Inc.},
 address = {Orlando, FL, USA},
 keywords = {Cloth simulation, Game physics, Integration schemes, Physically based simulation},
} 

@article{Mueller:2005:MDB,
 author = {M\"{u}ller, Matthias and Heidelberger, Bruno and Teschner, Matthias and Gross, Markus},
 title = {Meshless Deformations Based on Shape Matching},
 journal = {ACM Trans. Graph.},
 issue_date = {July 2005},
 volume = {24},
 number = {3},
 month = jul,
 year = {2005},
 issn = {0730-0301},
 pages = {471--478},
 numpages = {8},
 url = {http://doi.acm.org/10.1145/1073204.1073216},
 doi = {10.1145/1073204.1073216},
 acmid = {1073216},
 publisher = {ACM},
 address = {New York, NY, USA},
 keywords = {deformable modeling, geometric deformation, real-time simulation, shape matching},
} 

@article {Bender:2014:ASO,
author = {Bender, Jan and MÃ¼ller, Matthias and Otaduy, Miguel A. and Teschner, Matthias and Macklin, Miles},
title = {A Survey on Position-Based Simulation Methods in Computer Graphics},
journal = {Computer Graphics Forum},
year = {2014},
pages={1--25}
}

@inproceedings{Bender:2013:PBM,
  title =      "Position-based Methods for the Simulation of Solid Objects in Computer Graphics",
  author =     "Jan Bender and Matthias M{\"u}ller and Miguel A. Otaduy and Matthias Teschner",
  year =       "2013",  
  booktitle =  "EUROGRAPHICS State of the Art Reports",
  publisher =  "Eurographics Association",
  location =   "Girona, Spain"
}

@article{Macklin:2014:UPP,
  title={Unified Particle Physics for Real-Time Applications},
  author={Macklin, Miles and M{\"u}ller, Matthias and Chentanez, Nuttapong and Kim, Tae-Yong},
  journal={ACM Trans. Graph.},
  volume={33},
  number={4},
  pages={104},
  year={2014},
  publisher={ACM}
}
@article{Wang:2010:MIS,
 author = {Wang, Huamin and O'Brien, James and Ramamoorthi, Ravi},
 title = {Multi-resolution isotropic strain limiting},
 journal = {ACM Trans. Graph.},
 volume = {29},
 number = {6},
 @month = {December},
 year = {2010},
 issn = {0730-0301},
 pages = {156:1--156:10},
 articleno = {156},
 numpages = {10},
 url = {http://doi.acm.org/10.1145/1882261.1866182},
 doi = {http://doi.acm.org/10.1145/1882261.1866182},
 acmid = {1866182},
 publisher = {ACM},
 address = {New York, NY, USA},
 keywords = {finite element method, multi-resolution, strain limiting},
}

@article{Thomaszewski:2009:CSL,
 author = {Thomaszewski, B. and Pabst, S. and Strasser, W.},
 title = {Continuum-based strain limiting},
 journal = {Comput. Graph. Forum},
 volume = {28},
 number = {2},
 pages = {569--576},
 year = {2009},
}
